<?xml version="1.0" encoding="UTF-8"?><record xmlns="http://www.loc.gov/MARC21/slim" xmlns:cinclude="http://apache.org/cocoon/include/1.0" xmlns:zs="http://www.loc.gov/zing/srw/">
  <leader>00684cz  a2200157n  4500</leader>
  <controlfield tag="001">n 2008018074</controlfield>
  <controlfield tag="003">DLC</controlfield>
  <controlfield tag="005">20080321080255.0</controlfield>
  <controlfield tag="008">080312n| acannaabn          |a aaa      </controlfield>
  <datafield tag="010" ind1=" " ind2=" ">
    <subfield code="a">n 2008018074</subfield>
  </datafield>
  <datafield tag="040" ind1=" " ind2=" ">
    <subfield code="a">DLC</subfield>
    <subfield code="b">eng</subfield>
    <subfield code="c">DLC</subfield>
  </datafield>
  <datafield tag="100" ind1="1" ind2=" ">
    <subfield code="a">Reizei, Masatame,</subfield>
    <subfield code="d">1455-1523.</subfield>
    <subfield code="t">Masatame eisō</subfield>
  </datafield>
  <datafield tag="400" ind1="1" ind2=" ">
    <subfield code="a">Reizei, Masatame,</subfield>
    <subfield code="d">1455-1523.</subfield>
    <subfield code="t">Masatame-kyō ei</subfield>
  </datafield>
  <datafield tag="400" ind1="1" ind2=" ">
    <subfield code="a">Reizei, Masatame,</subfield>
    <subfield code="d">1455-1523.</subfield>
    <subfield code="t">Masatame-kyō eisō</subfield>
  </datafield>
  <datafield tag="670" ind1=" " ind2=" ">
    <subfield code="a">Tamekazu, Masatame eisōshū, 2007:</subfield>
    <subfield code="b">p. 20, 2nd gr., etc. (Masatame eisō; also Masatame-kyō ei; Masatame-kyō eisō; waka poems, 1500--11520; important cultural property)</subfield>
  </datafield>
  <datafield tag="675" ind1=" " ind2=" ">
    <subfield code="a">Nihon koten bungaku d.j.;</subfield>
    <subfield code="a">Kokusho sōmokuroku;</subfield>
    <subfield code="a">Waka bungaku d.j.</subfield>
  </datafield>
</record>